Ticker,Date,Sales,NetProfit,Borrowings,Equity,Reserves
HDFC AMC,2016-03-31,1490.13,477.88,,25.16,1126.06
HDFC AMC,2017-03-31,1568.2,550.25,,25.17,1397.77
HDFC AMC,2018-03-31,1869.74,711.29,,105.28,2148.63
HDFC AMC,2019-03-31,2074.8,930.6,,106.29,2964.43
HDFC AMC,2020-03-31,2124.47,1262.41,,106.4,3922.86
HDFC AMC,2021-03-31,2194.02,1325.76,,106.48,4669.7
HDFC AMC,2022-03-31,2428.72,1393.13,,106.64,5423.4
HDFC AMC,2023-03-31,2478.28,1423.92,,106.71,6001.7
HDFC AMC,2024-03-31,3158.72,1945.88,,106.74,6972.33
HDFC AMC,2025-03-31,4049.61,2461.05,,106.9,8027.24
Jai Balaji Inds,2016-03-31,1220.13,-689.8,3527.67,77.78,-955.27
Jai Balaji Inds,2017-03-31,1701.91,-255.7,3601.93,86.28,-1321.89
Jai Balaji Inds,2018-03-31,2389.33,-256.66,3510.38,96.38,-1523.07
Jai Balaji Inds,2019-03-31,3077.47,-153.68,3638.41,96.38,-1676.33
Jai Balaji Inds,2020-03-31,2912.3,-114.34,3463.94,110.45,-1768.36
Jai Balaji Inds,2021-03-31,2785.18,-75.82,3433.6,110.45,-1843.53
Jai Balaji Inds,2022-03-31,4692.5,48.06,3169.28,110.45,-1773.29
Jai Balaji Inds,2023-03-31,6125.07,57.82,860.37,145.45,410.63
Jai Balaji Inds,2024-03-31,6413.78,879.56,472.53,163.65,1340.47
Jai Balaji Inds,2025-03-31,6350.8,557.88,558.65,182.45,1942.39
BLS Internat,2016-03-31,504.96,30.89,5.68,10.25,108.5
BLS Internat,2017-03-31,634.89,50.08,95.41,10.25,155.43
BLS Internat,2018-03-31,789.05,96.54,107.84,10.25,250.3
BLS Internat,2019-03-31,803.83,105.22,37.51,10.25,361.8
BLS Internat,2020-03-31,786.14,52.43,0.88,10.25,418.21
BLS Internat,2021-03-31,478.37,50.15,0.73,10.25,449.57
BLS Internat,2022-03-31,849.89,111.27,11.16,10.25,559.54
BLS Internat,2023-03-31,1516.19,200.76,6.53,41.08,761.77
BLS Internat,2024-03-31,1676.81,312.97,30.6,41.17,1166.46
BLS Internat,2025-03-31,2193.3,508.23,359.06,41.17,1689.66
C D S L,2016-03-31,122.85,91.0,,104.5,374.82
C D S L,2017-03-31,146.0,85.78,,104.5,428.82
C D S L,2018-03-31,187.69,103.18,,104.5,494.25
C D S L,2019-03-31,196.25,113.51,,104.5,563.64
C D S L,2020-03-31,225.11,106.16,,104.5,619.49
C D S L,2021-03-31,343.72,200.34,,104.5,772.72
C D S L,2022-03-31,551.33,311.18,0.29,104.5,988.42
C D S L,2023-03-31,555.09,275.94,2.37,104.5,1109.23
C D S L,2024-03-31,812.26,419.11,1.36,104.5,1358.84
C D S L,2025-03-31,1082.21,526.64,2.98,209.0,1551.34
Tanfac Inds,2016-03-31,133.32,0.4,61.0,9.98,-9.92
Tanfac Inds,2017-03-31,126.39,3.29,53.9,9.98,-6.72
Tanfac Inds,2018-03-31,161.88,9.68,43.45,9.98,2.66
Tanfac Inds,2019-03-31,221.71,35.97,11.79,9.98,38.05
Tanfac Inds,2020-03-31,164.8,16.97,0.4,9.98,55.22
Tanfac Inds,2021-03-31,147.9,17.47,,9.98,73.26
Tanfac Inds,2022-03-31,320.17,53.28,,9.98,123.72
Tanfac Inds,2023-03-31,374.95,56.13,,9.98,174.3
Tanfac Inds,2024-03-31,378.15,52.48,,9.98,220.47
Tanfac Inds,2025-03-31,556.98,88.15,41.43,9.98,302.0
RRP Defense,2016-03-31,0.92,0.02,0.13,2.38,-1.99
RRP Defense,2017-03-31,0.97,0.02,,2.38,-1.97
RRP Defense,2018-03-31,1.12,0.01,0.27,2.38,-1.96
RRP Defense,2019-03-31,4.18,0.01,0.4,2.38,-1.95
RRP Defense,2020-03-31,0.81,-0.01,0.64,2.38,-1.96
RRP Defense,2021-03-31,1.77,,0.32,2.38,-1.96
RRP Defense,2022-03-31,0.36,0.02,0.46,2.38,-1.93
RRP Defense,2023-03-31,0.26,0.02,0.15,1.57,-1.11
RRP Defense,2024-03-31,12.51,0.02,,1.57,-1.08
RRP Defense,2025-03-31,10.45,1.14,1.2,1.57,0.56
Indiamart Inter,2016-03-31,254.29,-115.91,66.22,9.17,-152.69
Indiamart Inter,2017-03-31,317.76,-64.35,,9.17,-399.22
Indiamart Inter,2018-03-31,410.51,54.76,,9.98,-331.25
Indiamart Inter,2019-03-31,507.42,20.04,,28.59,131.3
Indiamart Inter,2020-03-31,638.85,147.38,76.51,28.88,246.18
Indiamart Inter,2021-03-31,669.56,279.77,63.42,30.32,1580.57
Indiamart Inter,2022-03-31,753.49,297.62,56.28,30.55,1843.5
Indiamart Inter,2023-03-31,985.4,283.83,45.91,30.58,2027.91
Indiamart Inter,2024-03-31,1196.78,333.95,40.67,59.95,1676.17
Indiamart Inter,2025-03-31,1388.34,550.7,33.04,60.01,2125.29
Mazagon Dock,2016-03-31,4094.4,595.54,,199.2,2442.42
Mazagon Dock,2017-03-31,3504.8,585.1,,249.0,2729.95
Mazagon Dock,2018-03-31,4457.21,496.17,,224.1,2609.95
Mazagon Dock,2019-03-31,4613.96,532.47,,224.1,2992.82
Mazagon Dock,2020-03-31,4904.84,470.52,,201.69,2857.69
Mazagon Dock,2021-03-31,4047.82,513.86,29.66,201.69,3230.02
Mazagon Dock,2022-03-31,5733.28,610.84,11.64,201.69,3655.99
Mazagon Dock,2023-03-31,7827.18,1119.03,6.04,201.69,4558.47
Mazagon Dock,2024-03-31,9466.58,1936.97,16.55,201.69,6041.78
Mazagon Dock,2025-03-31,11431.88,2413.51,20.33,201.69,7738.19
Shilchar Tech,2016-03-31,101.65,9.09,0.01,3.81,33.77
Shilchar Tech,2017-03-31,109.19,12.29,4.08,3.81,46.01
Shilchar Tech,2018-03-31,87.54,5.87,13.27,3.81,50.23
Shilchar Tech,2019-03-31,118.39,7.75,16.02,3.81,57.09
Shilchar Tech,2020-03-31,71.28,1.5,14.71,3.81,57.33
Shilchar Tech,2021-03-31,117.81,5.52,8.15,3.81,62.52
Shilchar Tech,2022-03-31,180.18,14.04,17.03,3.81,75.96
Shilchar Tech,2023-03-31,280.24,43.12,,3.81,117.63
Shilchar Tech,2024-03-31,396.88,91.89,,7.63,201.96
Shilchar Tech,2025-03-31,623.15,146.85,,7.63,339.2
Newgen Software,2016-03-31,346.81,27.82,69.12,52.8,166.25
Newgen Software,2017-03-31,427.1,51.33,71.46,62.31,187.63
Newgen Software,2018-03-31,512.43,72.89,65.66,67.88,337.34
Newgen Software,2019-03-31,620.64,102.21,68.32,68.46,428.25
Newgen Software,2020-03-31,660.76,72.73,76.34,69.09,479.98
Newgen Software,2021-03-31,672.62,126.48,20.09,69.31,596.39
Newgen Software,2022-03-31,778.96,164.21,27.82,69.54,741.86
Newgen Software,2023-03-31,973.98,176.27,42.71,69.66,907.11
Newgen Software,2024-03-31,1243.83,251.61,48.51,139.78,1083.74
Newgen Software,2025-03-31,1486.88,315.24,53.48,140.21,1376.22
Macpower CNC,2016-03-31,63.87,0.49,4.21,0.6,2.26
Macpower CNC,2017-03-31,67.69,0.78,4.01,0.6,3.02
Macpower CNC,2018-03-31,105.06,7.04,0.46,9.81,43.47
Macpower CNC,2019-03-31,140.23,12.64,0.25,9.81,55.76
Macpower CNC,2020-03-31,81.98,2.73,0.84,9.81,56.64
Macpower CNC,2021-03-31,112.87,6.03,0.22,10.0,62.46
Macpower CNC,2022-03-31,190.12,12.84,0.14,10.0,74.7
Macpower CNC,2023-03-31,201.89,12.89,0.4,10.0,86.61
Macpower CNC,2024-03-31,241.17,24.1,0.48,10.0,109.11
Macpower CNC,2025-03-31,261.82,25.44,3.1,10.0,132.82
Action Const.Eq,2016-03-31,637.33,9.95,154.48,23.46,259.05
Action Const.Eq,2017-03-31,751.06,15.33,113.65,23.46,310.52
Action Const.Eq,2018-03-31,1086.55,52.08,78.3,23.46,358.68
Action Const.Eq,2019-03-31,1342.53,56.04,53.24,23.46,414.08
Action Const.Eq,2020-03-31,1156.23,52.49,82.41,22.7,419.94
Action Const.Eq,2021-03-31,1227.15,79.83,54.58,22.7,500.58
Action Const.Eq,2022-03-31,1629.58,105.02,31.02,23.82,730.27
Action Const.Eq,2023-03-31,2159.68,171.6,7.45,23.82,894.74
Action Const.Eq,2024-03-31,2913.8,328.16,4.46,23.82,1206.02
Action Const.Eq,2025-03-31,3327.05,409.22,16.44,23.82,1590.9
Jyoti Resins,2016-03-31,46.01,0.22,7.92,4.0,0.34
Jyoti Resins,2017-03-31,40.92,0.39,7.82,4.0,0.64
Jyoti Resins,2018-03-31,53.91,1.05,0.4,4.0,1.68
Jyoti Resins,2019-03-31,68.69,2.2,0.7,4.0,3.88
Jyoti Resins,2020-03-31,73.53,8.1,1.21,4.0,24.4
Jyoti Resins,2021-03-31,101.29,12.17,0.28,4.0,39.94
Jyoti Resins,2022-03-31,181.96,19.76,0.05,4.0,58.53
Jyoti Resins,2023-03-31,261.25,46.44,,12.0,93.98
Jyoti Resins,2024-03-31,257.3,67.12,,12.0,154.24
Jyoti Resins,2025-03-31,284.12,73.87,,12.0,217.26
Master Trust,2016-03-31,103.62,3.56,85.09,10.92,159.94
Master Trust,2017-03-31,109.23,5.83,74.61,10.92,165.76
Master Trust,2018-03-31,150.03,10.04,68.73,10.92,174.5
Master Trust,2019-03-31,134.46,16.63,69.09,10.92,195.75
Master Trust,2020-03-31,135.86,12.31,103.58,10.92,203.31
Master Trust,2021-03-31,224.8,34.37,95.06,10.92,244.64
Master Trust,2022-03-31,331.37,55.18,96.7,10.92,288.92
Master Trust,2023-03-31,339.18,65.89,162.23,10.92,354.09
Master Trust,2024-03-31,500.44,108.08,187.42,10.92,493.34
Master Trust,2025-03-31,583.88,131.23,257.93,11.27,626.98
Apar Inds,2016-03-31,5078.49,121.69,384.43,38.5,815.44
Apar Inds,2017-03-31,4831.92,176.57,304.62,38.27,997.85
Apar Inds,2018-03-31,5818.48,144.74,362.53,38.27,1069.98
Apar Inds,2019-03-31,7963.62,136.06,253.28,38.27,1164.1
Apar Inds,2020-03-31,7425.23,135.15,371.54,38.27,1128.16
Apar Inds,2021-03-31,6388.02,160.5,324.81,38.27,1361.25
Apar Inds,2022-03-31,9316.57,256.73,359.19,38.27,1676.96
Apar Inds,2023-03-31,14336.3,637.72,376.23,38.27,2198.12
Apar Inds,2024-03-31,16152.98,825.11,475.61,40.17,3836.27
Apar Inds,2025-03-31,18581.21,821.3,584.7,40.17,4463.37
Blue Star,2016-03-31,3797.96,104.78,364.73,17.99,612.43
Blue Star,2017-03-31,4385.24,123.05,221.12,19.11,738.02
Blue Star,2018-03-31,4638.95,143.96,375.62,19.2,773.53
Blue Star,2019-03-31,5234.84,190.06,347.56,19.26,853.8
Blue Star,2020-03-31,5360.19,143.25,520.16,19.26,763.11
Blue Star,2021-03-31,4263.59,100.35,510.13,19.26,865.92
Blue Star,2022-03-31,6064.08,167.71,553.7,19.26,998.32
Blue Star,2023-03-31,7977.32,400.46,661.95,19.26,1311.39
Blue Star,2024-03-31,9685.36,414.95,242.93,41.12,2568.96
Blue Star,2025-03-31,11967.65,591.24,381.0,41.12,3023.9
Tata Elxsi,2016-03-31,1075.21,154.81,,31.14,354.55
Tata Elxsi,2017-03-31,1237.31,174.78,,31.14,526.53
Tata Elxsi,2018-03-31,1386.3,240.04,,62.28,676.07
Tata Elxsi,2019-03-31,1596.93,289.97,,62.28,880.48
Tata Elxsi,2020-03-31,1609.86,256.1,58.27,62.28,1027.76
Tata Elxsi,2021-03-31,1826.16,368.12,73.21,62.28,1289.9
Tata Elxsi,2022-03-31,2470.8,549.67,138.5,62.28,1538.63
Tata Elxsi,2023-03-31,3144.72,755.19,184.62,62.28,2023.49
Tata Elxsi,2024-03-31,3552.15,792.24,224.78,62.28,2443.38
Tata Elxsi,2025-03-31,3729.05,784.94,196.34,62.28,2797.68
Radhika Jeweltec,2016-03-31,136.19,2.98,9.49,100.45,
Radhika Jeweltec,2017-03-31,156.87,9.25,61.53,23.6,82.87
Radhika Jeweltec,2018-03-31,239.62,11.75,60.0,23.6,94.62
Radhika Jeweltec,2019-03-31,173.05,8.41,49.28,23.6,103.03
Radhika Jeweltec,2020-03-31,171.84,12.81,23.99,23.6,114.42
Radhika Jeweltec,2021-03-31,137.42,22.62,24.3,23.6,139.76
Radhika Jeweltec,2022-03-31,232.78,27.06,22.15,23.6,164.47
Radhika Jeweltec,2023-03-31,312.73,29.69,33.79,23.6,191.77
Radhika Jeweltec,2024-03-31,544.06,49.53,50.86,23.6,241.31
Radhika Jeweltec,2025-03-31,587.79,60.12,42.84,23.6,299.05
Systematix Corp,2016-03-31,33.99,-0.9,129.68,13.05,39.16
Systematix Corp,2017-03-31,42.32,3.95,136.35,13.05,43.11
Systematix Corp,2018-03-31,53.71,6.39,154.74,13.05,49.49
Systematix Corp,2019-03-31,56.11,-2.93,96.6,13.05,66.92
Systematix Corp,2020-03-31,51.34,-4.45,26.78,13.05,62.46
Systematix Corp,2021-03-31,54.9,1.32,35.72,13.05,64.09
Systematix Corp,2022-03-31,89.46,17.5,30.33,13.05,81.93
Systematix Corp,2023-03-31,73.38,5.08,20.96,13.05,86.04
Systematix Corp,2024-03-31,145.78,53.35,20.57,13.05,139.26
Systematix Corp,2025-03-31,168.28,45.76,20.25,13.73,286.12
Steelcast,2016-03-31,137.04,0.13,128.01,10.17,61.7
Steelcast,2017-03-31,133.95,2.97,89.6,10.12,63.92
Steelcast,2018-03-31,231.24,20.86,92.56,10.12,83.21
Steelcast,2019-03-31,317.92,24.98,64.43,10.12,104.84
Steelcast,2020-03-31,200.59,7.98,44.54,10.12,107.77
Steelcast,2021-03-31,157.73,12.02,23.11,10.12,118.65
Steelcast,2022-03-31,302.04,33.27,62.8,10.12,146.43
Steelcast,2023-03-31,476.83,70.52,23.65,10.12,205.09
Steelcast,2024-03-31,409.81,75.0,0.08,10.12,259.5
Steelcast,2025-03-31,376.17,72.2,0.05,10.12,315.75
Cams Services,2016-03-31,441.53,81.35,,48.76,250.19
Cams Services,2017-03-31,463.6,107.53,,48.76,312.69
Cams Services,2018-03-31,605.96,160.0,,48.76,363.99
Cams Services,2019-03-31,651.35,112.13,,48.76,343.4
Cams Services,2020-03-31,661.46,164.07,,48.76,440.33
Cams Services,2021-03-31,673.75,218.97,73.03,48.79,420.92
Cams Services,2022-03-31,863.77,289.41,72.66,48.9,555.67
Cams Services,2023-03-31,928.62,274.54,75.74,48.99,679.06
Cams Services,2024-03-31,1054.48,337.12,81.78,49.14,835.05
Cams Services,2025-03-31,1333.9,441.02,73.0,49.43,986.48
Dynamic Cables,2016-03-31,267.88,6.8,92.36,10.0,17.05
Dynamic Cables,2017-03-31,299.99,8.0,86.5,10.78,30.86
Dynamic Cables,2018-03-31,356.95,7.43,130.99,22.01,49.14
Dynamic Cables,2019-03-31,526.54,21.23,132.65,22.01,69.7
Dynamic Cables,2020-03-31,428.59,18.23,122.37,22.01,85.83
Dynamic Cables,2021-03-31,342.66,9.85,117.81,22.01,95.16
Dynamic Cables,2022-03-31,563.57,30.9,76.73,22.01,125.61
Dynamic Cables,2023-03-31,668.63,31.01,82.39,22.01,155.42
Dynamic Cables,2024-03-31,768.0,37.77,119.26,22.01,191.94
Dynamic Cables,2025-03-31,1025.37,64.82,58.86,24.23,349.66
Kingfa Science,2016-03-31,314.17,10.8,15.92,10.11,109.32
Kingfa Science,2017-03-31,427.12,12.4,41.7,10.11,233.64
Kingfa Science,2018-03-31,601.64,24.64,21.46,12.11,293.18
Kingfa Science,2019-03-31,701.52,19.06,16.6,12.11,312.38
Kingfa Science,2020-03-31,741.5,24.62,46.08,12.11,336.48
Kingfa Science,2021-03-31,627.24,5.32,71.41,12.11,341.86
Kingfa Science,2022-03-31,1047.9,30.63,46.06,12.11,372.48
Kingfa Science,2023-03-31,1403.7,81.41,42.43,12.11,453.88
Kingfa Science,2024-03-31,1487.72,122.52,32.55,12.11,576.47
Kingfa Science,2025-03-31,1744.69,152.86,43.0,12.11,716.5
Sika Interplant,2016-03-31,41.52,1.74,2.72,4.24,35.88
Sika Interplant,2017-03-31,34.21,2.01,1.77,4.24,38.1
Sika Interplant,2018-03-31,22.29,1.48,2.76,4.24,39.21
Sika Interplant,2019-03-31,45.54,4.27,1.22,4.24,42.26
Sika Interplant,2020-03-31,62.77,7.06,0.61,4.24,48.46
Sika Interplant,2021-03-31,79.72,11.89,0.19,4.24,59.99
Sika Interplant,2022-03-31,98.44,16.6,0.06,4.24,73.75
Sika Interplant,2023-03-31,60.01,8.79,,4.24,81.1
Sika Interplant,2024-03-31,106.03,19.36,,4.24,98.87
Sika Interplant,2025-03-31,147.66,25.34,,4.24,119.68
Ganesh Housing,2016-03-31,321.09,61.52,601.99,32.67,757.3
Ganesh Housing,2017-03-31,401.42,69.39,764.05,49.0,797.67
Ganesh Housing,2018-03-31,498.98,50.8,706.7,49.23,839.96
Ganesh Housing,2019-03-31,258.44,26.55,663.07,49.23,698.01
Ganesh Housing,2020-03-31,267.2,-119.63,533.14,49.23,575.0
Ganesh Housing,2021-03-31,168.16,-105.24,409.13,49.23,452.78
Ganesh Housing,2022-03-31,382.72,70.63,141.89,83.39,706.42
Ganesh Housing,2023-03-31,615.62,102.15,239.84,83.39,805.38
Ganesh Housing,2024-03-31,891.2,460.71,246.84,83.39,1246.07
Ganesh Housing,2025-03-31,958.92,598.06,248.22,83.39,1752.4
Volt.Transform,2016-03-31,563.3,43.98,,10.12,459.46
Volt.Transform,2017-03-31,610.93,72.21,,10.12,554.9
Volt.Transform,2018-03-31,638.79,73.48,,10.12,610.01
Volt.Transform,2019-03-31,828.83,84.84,,10.12,676.61
Volt.Transform,2020-03-31,858.58,89.38,,10.12,738.1
Volt.Transform,2021-03-31,692.31,112.22,,10.12,824.04
Volt.Transform,2022-03-31,1127.21,132.84,,10.12,932.03
Volt.Transform,2023-03-31,1385.1,199.94,,10.12,1097.11
Volt.Transform,2024-03-31,1616.22,307.36,3.21,10.12,1343.5
Volt.Transform,2025-03-31,1934.23,325.41,2.13,10.12,1577.5
Frontier Springs,2016-03-31,38.92,0.51,12.78,3.96,20.05
Frontier Springs,2017-03-31,46.53,2.14,13.83,3.96,22.19
Frontier Springs,2018-03-31,58.72,3.56,12.33,3.96,25.75
Frontier Springs,2019-03-31,83.22,8.4,8.86,3.96,33.8
Frontier Springs,2020-03-31,99.88,14.02,8.87,3.96,47.36
Frontier Springs,2021-03-31,76.96,7.8,3.7,3.96,55.59
Frontier Springs,2022-03-31,83.66,7.51,3.37,3.96,63.47
Frontier Springs,2023-03-31,107.36,7.24,4.62,3.96,70.72
Frontier Springs,2024-03-31,135.4,12.99,3.72,3.96,85.35
Frontier Springs,2025-03-31,231.32,34.66,5.94,3.96,120.0
I R C T C,2016-03-31,1366.78,188.63,,20.0,522.07
I R C T C,2017-03-31,1519.65,229.08,,40.0,746.56
I R C T C,2018-03-31,1466.09,220.62,,40.0,914.53
I R C T C,2019-03-31,1870.0,308.56,,160.0,911.02
I R C T C,2020-03-31,2264.31,513.11,,160.0,1153.82
I R C T C,2021-03-31,776.66,187.03,79.46,160.0,1295.81
I R C T C,2022-03-31,1878.57,659.55,104.92,160.0,1710.31
I R C T C,2023-03-31,3541.47,1005.88,84.16,160.0,2318.4
I R C T C,2024-03-31,4260.21,1111.26,60.35,160.0,3069.97
I R C T C,2025-03-31,4674.77,1314.66,89.8,160.0,3503.3
BSE,2016-03-31,634.97,132.93,0.66,10.74,2512.19
BSE,2017-03-31,571.71,220.57,3.48,10.76,2651.64
BSE,2018-03-31,675.9,688.72,,10.65,3069.9
BSE,2019-03-31,652.48,199.28,,10.36,2918.2
BSE,2020-03-31,609.17,122.27,,9.0,2416.1
BSE,2021-03-31,630.45,144.9,0.03,9.0,2497.59
BSE,2022-03-31,840.7,254.33,0.02,27.05,2627.47
BSE,2023-03-31,924.84,220.67,0.02,27.09,2674.06
BSE,2024-03-31,1568.15,778.39,0.02,27.07,3275.22
BSE,2025-03-31,3212.04,1325.89,0.02,27.07,4396.66
Bharat Electron,2016-03-31,7353.77,1337.39,28.39,240.0,9006.16
Bharat Electron,2017-03-31,8656.39,1523.58,63.58,223.36,7512.41
Bharat Electron,2018-03-31,10400.8,1431.72,80.36,243.66,7772.02
Bharat Electron,2019-03-31,12164.17,1886.4,33.63,243.66,8967.84
Bharat Electron,2020-03-31,12967.67,1823.85,8.33,243.66,9827.87
Bharat Electron,2021-03-31,14108.69,2098.94,,243.66,10815.92
Bharat Electron,2022-03-31,15368.18,2398.87,52.7,243.66,12042.27
Bharat Electron,2023-03-31,17734.44,2984.42,61.34,730.98,13130.65
Bharat Electron,2024-03-31,20268.24,3984.52,62.51,730.98,15595.49
Bharat Electron,2025-03-31,23768.75,5321.44,61.23,730.98,19242.91
Shakti Pumps,2016-03-31,264.23,1.07,119.03,16.74,170.17
Shakti Pumps,2017-03-31,427.97,21.65,89.16,18.38,205.04
Shakti Pumps,2018-03-31,434.95,34.85,110.32,18.38,235.25
Shakti Pumps,2019-03-31,543.69,45.09,178.28,18.38,272.01
Shakti Pumps,2020-03-31,382.82,-14.08,192.92,18.38,246.77
Shakti Pumps,2021-03-31,929.66,75.59,79.24,18.38,322.23
Shakti Pumps,2022-03-31,1178.54,64.82,106.14,18.38,374.8
Shakti Pumps,2023-03-31,967.68,24.13,75.14,18.38,399.67
Shakti Pumps,2024-03-31,1370.74,141.73,84.82,20.03,735.66
Shakti Pumps,2025-03-31,2516.24,408.37,169.71,120.21,1040.96
Persistent Systems,2016-03-31,2312.33,277.3,3.27,80.0,1577.78
Persistent Systems,2017-03-31,2878.44,301.47,2.72,80.0,1819.26
Persistent Systems,2018-03-31,3033.7,323.09,2.19,80.0,2047.2
Persistent Systems,2019-03-31,3365.94,351.68,1.67,79.12,2265.56
Persistent Systems,2020-03-31,3565.81,340.29,71.37,76.43,2309.33
Persistent Systems,2021-03-31,4187.89,450.68,98.44,76.43,2719.24
Persistent Systems,2022-03-31,5710.75,690.39,578.22,76.43,3291.8
Persistent Systems,2023-03-31,8350.59,921.09,657.56,76.43,3888.65
Persistent Systems,2024-03-31,9821.59,1093.49,451.13,77.03,4880.68
Persistent Systems,2025-03-31,11938.72,1400.16,310.9,77.93,6241.14
Ashoka Buildcon,2016-03-31,2824.92,-85.36,4691.76,93.57,1621.0
Ashoka Buildcon,2017-03-31,2972.83,-205.3,4754.36,93.57,375.9
Ashoka Buildcon,2018-03-31,3601.02,-111.14,5101.54,93.57,222.34
Ashoka Buildcon,2019-03-31,4930.12,-33.46,6044.28,140.36,146.53
Ashoka Buildcon,2020-03-31,5070.47,165.32,6261.78,140.36,273.93
Ashoka Buildcon,2021-03-31,4991.7,276.22,6718.71,140.36,478.95
Ashoka Buildcon,2022-03-31,5998.98,778.56,3635.31,140.36,1240.47
Ashoka Buildcon,2023-03-31,8100.48,292.42,5509.25,140.36,1535.24
Ashoka Buildcon,2024-03-31,9798.46,503.08,5450.13,140.36,2079.89
Ashoka Buildcon,2025-03-31,10036.63,1694.1,1987.73,140.36,3774.89
KNR Construct,2016-03-31,1191.68,112.13,735.41,28.12,670.5
KNR Construct,2017-03-31,1642.13,114.9,721.14,28.12,785.8
KNR Construct,2018-03-31,2069.6,243.48,770.4,28.12,1019.64
KNR Construct,2019-03-31,2291.5,270.51,758.21,28.12,1282.7
KNR Construct,2020-03-31,2451.68,265.51,874.54,28.12,1532.54
KNR Construct,2021-03-31,2903.63,407.38,764.37,56.25,1911.57
KNR Construct,2022-03-31,3605.82,381.84,1463.54,56.25,2271.46
KNR Construct,2023-03-31,4062.36,458.01,652.06,56.25,2722.95
KNR Construct,2024-03-31,4429.49,777.4,1262.44,56.25,3497.9
KNR Construct,2025-03-31,4753.17,1001.87,1849.47,56.25,4484.93
Kirl.Pneumatic,2016-03-31,508.82,36.38,,12.84,308.69
Kirl.Pneumatic,2017-03-31,514.29,53.78,,12.84,412.91
Kirl.Pneumatic,2018-03-31,600.5,49.94,0.83,12.84,448.75
Kirl.Pneumatic,2019-03-31,710.24,55.26,0.69,12.84,480.99
Kirl.Pneumatic,2020-03-31,829.08,53.49,28.31,12.84,481.78
Kirl.Pneumatic,2021-03-31,823.26,63.84,40.16,12.85,575.79
Kirl.Pneumatic,2022-03-31,1021.17,84.92,1.24,12.89,645.57
Kirl.Pneumatic,2023-03-31,1239.34,108.58,1.02,12.93,782.25
Kirl.Pneumatic,2024-03-31,1322.62,133.29,0.78,12.96,911.68
Kirl.Pneumatic,2025-03-31,1628.63,211.07,0.52,12.98,1083.11
Monarch Networth,2016-03-31,53.06,0.5,55.47,30.31,11.59
Monarch Networth,2017-03-31,69.28,12.46,18.34,30.31,13.85
Monarch Networth,2018-03-31,91.57,18.88,16.04,31.05,37.35
Monarch Networth,2019-03-31,76.4,13.05,26.41,31.05,49.15
Monarch Networth,2020-03-31,70.03,2.25,11.59,31.05,51.05
Monarch Networth,2021-03-31,102.57,24.34,3.56,31.05,76.78
Monarch Networth,2022-03-31,153.69,54.05,17.02,31.05,136.89
Monarch Networth,2023-03-31,161.52,42.97,2.84,33.87,187.93
Monarch Networth,2024-03-31,278.24,123.15,112.96,33.87,312.04
Monarch Networth,2025-03-31,327.55,149.27,9.2,78.46,718.33
Swaraj Engines,2016-03-31,525.91,51.31,,12.42,251.02
Swaraj Engines,2017-03-31,666.15,68.84,,12.42,270.95
Swaraj Engines,2018-03-31,771.15,80.1,,12.13,216.37
Swaraj Engines,2019-03-31,871.74,82.42,,12.13,225.85
Swaraj Engines,2020-03-31,773.3,71.04,,12.13,223.76
Swaraj Engines,2021-03-31,986.57,92.54,,12.14,268.43
Swaraj Engines,2022-03-31,1138.15,109.47,,12.14,293.54
Swaraj Engines,2023-03-31,1421.82,133.61,1.23,12.15,330.07
Swaraj Engines,2024-03-31,1419.24,137.87,1.22,12.15,356.41
Swaraj Engines,2025-03-31,1681.89,165.98,1.99,12.15,407.06
Timex Group,2016-03-31,173.34,-9.27,75.54,10.1,-74.63
Timex Group,2017-03-31,200.11,-3.27,25.14,10.1,-2.12
Timex Group,2018-03-31,207.3,7.52,104.39,10.1,-70.92
Timex Group,2019-03-31,241.63,7.46,102.97,10.1,-63.72
Timex Group,2020-03-31,251.9,-1.8,109.36,10.1,-65.52
Timex Group,2021-03-31,140.9,-8.01,91.34,10.1,-73.65
Timex Group,2022-03-31,264.46,3.22,111.19,10.1,-70.63
Timex Group,2023-03-31,383.45,46.52,110.47,10.1,-24.07
Timex Group,2024-03-31,418.91,20.84,86.14,10.1,-3.3
Timex Group,2025-03-31,538.1,31.42,100.53,10.1,15.11
Sharda Motor,2016-03-31,926.84,34.22,121.14,5.95,224.72
Sharda Motor,2017-03-31,1041.89,56.75,58.98,5.95,279.37
Sharda Motor,2018-03-31,1155.45,78.61,,5.95,349.08
Sharda Motor,2019-03-31,1139.87,87.86,,5.95,432.34
Sharda Motor,2020-03-31,862.99,57.75,10.72,5.95,361.28
Sharda Motor,2021-03-31,1736.54,78.59,11.9,5.95,439.5
Sharda Motor,2022-03-31,2255.31,161.49,12.46,5.95,593.82
Sharda Motor,2023-03-31,2699.94,205.43,24.64,5.95,775.88
Sharda Motor,2024-03-31,2809.26,294.9,23.67,5.95,1019.18
Sharda Motor,2025-03-31,2836.57,312.49,51.63,5.74,1072.92
Astrazeneca Phar,2016-03-31,563.73,5.26,,5.0,151.01
Astrazeneca Phar,2017-03-31,543.71,20.05,,5.0,217.87
Astrazeneca Phar,2018-03-31,571.0,25.91,,5.0,241.93
Astrazeneca Phar,2019-03-31,728.29,54.45,,5.0,295.8
Astrazeneca Phar,2020-03-31,831.81,72.21,11.84,5.0,359.44
Astrazeneca Phar,2021-03-31,813.56,93.3,12.14,5.0,451.17
Astrazeneca Phar,2022-03-31,805.6,61.6,8.63,5.0,506.39
Astrazeneca Phar,2023-03-31,1002.97,99.29,7.21,5.0,583.69
Astrazeneca Phar,2024-03-31,1295.53,161.51,4.59,5.0,706.92
Astrazeneca Phar,2025-03-31,1716.29,115.74,35.73,5.0,765.35
Dr Lal Pathlabs,2016-03-31,791.32,132.19,,82.68,424.67
Dr Lal Pathlabs,2017-03-31,912.38,154.59,,83.07,512.45
Dr Lal Pathlabs,2018-03-31,1056.92,170.73,,83.33,704.52
Dr Lal Pathlabs,2019-03-31,1203.42,199.18,,83.34,862.15
Dr Lal Pathlabs,2020-03-31,1330.36,225.94,,83.35,949.47
Dr Lal Pathlabs,2021-03-31,1581.27,291.62,0.12,83.35,1161.72
Dr Lal Pathlabs,2022-03-31,2087.41,344.83,532.57,83.35,1424.73
Dr Lal Pathlabs,2023-03-31,2016.88,238.85,419.5,83.37,1582.93
Dr Lal Pathlabs,2024-03-31,2226.64,357.74,246.93,83.48,1765.81
Dr Lal Pathlabs,2025-03-31,2461.4,487.14,157.43,83.59,2089.12
J B Chemicals &,2016-03-31,1210.36,162.55,193.42,16.96,1166.87
J B Chemicals &,2017-03-31,1344.29,184.06,48.86,16.96,1346.71
J B Chemicals &,2018-03-31,1408.38,138.34,29.29,16.71,1424.84
J B Chemicals &,2019-03-31,1643.2,193.47,25.8,16.05,1464.08
J B Chemicals &,2020-03-31,1774.73,272.05,29.49,15.46,1420.03
J B Chemicals &,2021-03-31,2042.52,447.96,44.98,15.46,1794.27
J B Chemicals &,2022-03-31,2424.24,385.36,54.56,15.46,2118.67
J B Chemicals &,2023-03-31,3149.28,409.84,572.45,15.48,2464.88
J B Chemicals &,2024-03-31,3484.18,552.63,377.65,15.52,2907.81
J B Chemicals &,2025-03-31,3917.99,659.58,27.89,15.57,3417.75
Indo Tech.Trans,2016-03-31,189.87,4.02,,10.62,144.25
Indo Tech.Trans,2017-03-31,148.81,-11.27,,10.62,127.57
Indo Tech.Trans,2018-03-31,220.17,-3.69,,10.62,123.48
Indo Tech.Trans,2019-03-31,213.39,-8.39,,10.62,114.55
Indo Tech.Trans,2020-03-31,205.33,1.92,,10.62,115.91
Indo Tech.Trans,2021-03-31,206.0,6.29,,10.62,122.61
Indo Tech.Trans,2022-03-31,280.07,12.19,0.56,10.62,134.5
Indo Tech.Trans,2023-03-31,370.9,25.7,11.34,10.62,160.28
Indo Tech.Trans,2024-03-31,503.21,46.86,5.0,10.62,206.54
Indo Tech.Trans,2025-03-31,611.78,63.88,8.16,10.62,270.13
Dynacons Sys,2016-03-31,124.18,0.91,20.87,5.92,10.95
Dynacons Sys,2017-03-31,158.29,1.24,20.1,6.38,14.05
Dynacons Sys,2018-03-31,210.7,1.89,35.47,6.91,16.23
Dynacons Sys,2019-03-31,303.72,4.19,35.43,9.17,21.56
Dynacons Sys,2020-03-31,327.95,6.12,37.19,9.17,27.02
Dynacons Sys,2021-03-31,435.94,9.22,43.51,10.13,39.31
Dynacons Sys,2022-03-31,653.98,16.46,64.14,11.28,56.58
Dynacons Sys,2023-03-31,804.15,33.38,68.63,12.69,91.87
Dynacons Sys,2024-03-31,1024.43,53.96,35.76,12.71,144.85
Dynacons Sys,2025-03-31,1266.83,72.41,138.84,12.73,218.19
Shanthi Gears,2016-03-31,164.43,17.73,,8.17,275.72
Shanthi Gears,2017-03-31,183.07,22.51,,8.17,298.15
Shanthi Gears,2018-03-31,213.55,28.58,,8.17,309.62
Shanthi Gears,2019-03-31,241.68,33.35,,8.17,293.91
Shanthi Gears,2020-03-31,242.29,25.19,,7.67,220.95
Shanthi Gears,2021-03-31,215.53,20.17,,7.67,229.46
Shanthi Gears,2022-03-31,337.07,42.47,,7.67,252.29
Shanthi Gears,2023-03-31,445.65,67.05,,7.67,294.68
Shanthi Gears,2024-03-31,536.05,82.25,,7.67,337.64
Shanthi Gears,2025-03-31,604.62,96.03,,7.67,395.32
Schaeffler India,2015-12-31,1710.89,197.48,,16.62,1272.62
Schaeffler India,2016-12-31,1794.56,195.06,,16.62,1458.54
Schaeffler India,2017-12-31,3940.61,388.49,69.38,16.62,2308.54
Schaeffler India,2018-12-31,4561.51,419.8,57.74,31.26,2674.86
Schaeffler India,2019-12-31,4360.63,367.64,,31.26,2930.9
Schaeffler India,2020-12-31,3761.84,290.97,65.09,31.26,3109.03
Schaeffler India,2021-12-31,5560.51,629.12,60.7,31.26,3622.41
Schaeffler India,2022-12-31,6867.42,879.21,57.38,31.26,4254.64
Schaeffler India,2023-12-31,7226.13,909.03,51.1,31.26,4784.1
Schaeffler India,2024-12-31,8076.29,977.67,42.42,31.26,5352.04
Solar Industries,2016-03-31,1448.62,163.66,397.58,18.1,787.35
Solar Industries,2017-03-31,1579.99,186.54,501.16,18.1,910.49
Solar Industries,2018-03-31,1916.12,220.55,517.58,18.1,1065.76
Solar Industries,2019-03-31,2461.57,261.61,603.4,18.1,1220.23
Solar Industries,2020-03-31,2237.3,267.43,708.13,18.1,1361.99
Solar Industries,2021-03-31,2515.63,276.35,807.56,18.1,1561.31
Solar Industries,2022-03-31,3947.61,441.28,888.0,18.1,1896.18
Solar Industries,2023-03-31,6918.41,757.19,1194.69,18.1,2592.24
Solar Industries,2024-03-31,6069.52,835.93,1137.84,18.1,3287.5
Solar Industries,2025-03-31,7540.26,1209.44,974.95,18.1,4368.24
Prec. Wires (I),2016-03-31,843.49,17.03,27.79,11.56,183.24
Prec. Wires (I),2017-03-31,884.15,22.54,37.8,11.56,201.17
Prec. Wires (I),2018-03-31,1407.82,35.98,33.43,11.56,224.95
Prec. Wires (I),2019-03-31,1757.89,41.83,29.5,11.56,253.87
Prec. Wires (I),2020-03-31,1525.81,31.82,31.04,11.56,271.24
Prec. Wires (I),2021-03-31,1718.6,39.31,21.98,11.56,304.49
Prec. Wires (I),2022-03-31,2683.14,63.01,22.48,11.56,353.32
Prec. Wires (I),2023-03-31,3033.58,59.49,16.17,17.87,432.44
Prec. Wires (I),2024-03-31,3301.69,72.85,98.61,17.87,488.57
Prec. Wires (I),2025-03-31,4014.83,90.04,61.51,17.87,558.37
Stylam Industrie,2016-03-31,264.26,12.15,116.78,7.32,48.88
Stylam Industrie,2017-03-31,294.35,19.64,184.0,7.32,69.21
Stylam Industrie,2018-03-31,339.08,20.06,126.8,8.17,137.47
Stylam Industrie,2019-03-31,460.62,38.82,189.05,8.17,177.35
Stylam Industrie,2020-03-31,462.15,18.91,118.48,8.47,195.79
Stylam Industrie,2021-03-31,479.53,55.3,59.15,8.47,251.21
Stylam Industrie,2022-03-31,659.35,61.01,79.42,8.47,307.97
Stylam Industrie,2023-03-31,952.13,95.95,46.93,8.47,403.92
Stylam Industrie,2024-03-31,914.08,128.4,,8.47,528.09
Stylam Industrie,2025-03-31,1025.09,121.83,36.07,8.47,649.15
3B Blackbio,2016-03-31,17.33,0.33,7.73,6.38,4.04
3B Blackbio,2017-03-31,16.16,1.13,8.69,6.38,4.83
3B Blackbio,2018-03-31,23.21,3.43,5.8,6.38,12.0
3B Blackbio,2019-03-31,23.28,5.24,6.19,6.39,16.11
3B Blackbio,2020-03-31,28.87,7.69,3.52,7.49,24.62
3B Blackbio,2021-03-31,226.74,113.87,2.01,7.49,124.56
3B Blackbio,2022-03-31,80.65,32.2,2.53,7.49,145.53
3B Blackbio,2023-03-31,61.84,25.94,2.03,8.57,184.69
3B Blackbio,2024-03-31,74.12,32.1,0.85,8.57,214.48
3B Blackbio,2025-03-31,96.47,47.69,0.31,8.57,259.85
Polycab India,2016-03-31,5202.44,184.79,795.66,141.21,1641.59
Polycab India,2017-03-31,5500.12,232.7,855.71,141.21,1852.55
Polycab India,2018-03-31,6770.3,358.01,800.3,141.21,2206.41
Polycab India,2019-03-31,7985.55,499.7,272.42,141.21,2705.75
Polycab India,2020-03-31,8829.96,759.06,157.06,148.88,3687.54
Polycab India,2021-03-31,8792.23,882.09,282.5,149.12,4604.83
Polycab India,2022-03-31,12203.76,908.58,118.15,149.44,5394.3
Polycab India,2023-03-31,14107.78,1270.78,109.35,149.77,6487.44
Polycab India,2024-03-31,18039.44,1784.05,161.09,150.24,8036.9
Polycab India,2025-03-31,22408.31,2019.99,202.43,150.43,9674.6
Caplin Point Lab,2016-03-31,238.72,45.76,2.0,15.11,113.03
Caplin Point Lab,2017-03-31,401.65,95.61,0.73,15.12,209.65
Caplin Point Lab,2018-03-31,539.84,144.79,0.53,15.12,348.71
Caplin Point Lab,2019-03-31,648.69,176.57,36.46,15.13,581.86
Caplin Point Lab,2020-03-31,863.2,215.01,113.19,15.13,858.2
Caplin Point Lab,2021-03-31,1061.29,242.27,234.96,15.13,954.13
Caplin Point Lab,2022-03-31,1269.41,299.84,218.7,15.16,1252.2
Caplin Point Lab,2023-03-31,1466.73,376.26,222.05,15.18,1648.73
Caplin Point Lab,2024-03-31,1694.1,457.09,218.54,15.19,2083.95
Caplin Point Lab,2025-03-31,1937.47,536.31,221.62,15.2,2618.72
